@article{Martinelli:2019dau,
    author = "Martinelli, Matteo and {\bf Hogg}, {\bf Natalie B.} and Peirone, Simone and Bruni, Marco and Wands, David",
    title = "{Constraints on the interacting vacuum\textendash{}geodesic CDM scenario}",
    eprint = "1902.10694",
    archivePrefix = "arXiv",
    primaryClass = "astro-ph.CO",
    doi = "10.1093/mnras/stz1915",
    journal = "Monthly Notices of the Royal Astronomical Society",
    volume = "488",
    number = "3",
    pages = "3423--3438",
    year = "2019"
}

@article{Hogg:2020ktc,
    author = "{\bf Hogg}, {\bf Natalie B.} and Martinelli, Matteo and Nesseris, Savvas",
    title = "{Constraints on the distance duality relation with standard sirens}",
    eprint = "2007.14335",
    archivePrefix = "arXiv",
    primaryClass = "astro-ph.CO",
    reportNumber = "IFT-UAM/CSIC-20-114",
    doi = "10.1088/1475-7516/2020/12/019",
    journal = "Journal of Cosmology and Astroparticle Physics",
    volume = "12",
    pages = "019",
    year = "2020"
}

@article{Hogg:2020rdp,
    author = "{\bf Hogg}, {\bf Natalie B.} and Bruni, Marco and Crittenden, Robert and Martinelli, Matteo and Peirone, Simone",
    title = "{Latest evidence for a late time vacuum\textendash{}geodesic CDM interaction}",
    eprint = "2002.10449",
    archivePrefix = "arXiv",
    primaryClass = "astro-ph.CO",
    reportNumber = "IFT-UAM/CSIC-20-27",
    doi = "10.1016/j.dark.2020.100583",
    journal = "Physics of the Dark Universe",
    volume = "29",
    pages = "100583",
    year = "2020"
}

@article{Renzi:2021xii,
    author = "Renzi, Fabrizio and {\bf Hogg}, {\bf Natalie B.} and Giar\`e, William",
    title = "{The resilience of the Etherington\textendash{}Hubble relation}",
    eprint = "2112.05701",
    archivePrefix = "arXiv",
    primaryClass = "astro-ph.CO",
    doi = "10.1093/mnras/stac1030",
    journal = "Monthly Notices of the Royal Astronomical Society",
    volume = "513",
    number = "3",
    pages = "4004--4014",
    year = "2022"
}

@article{Martinelli:2022elq,
    author = "Martinelli, Matteo and Scarcella, Francesca and {\bf Hogg}, {\bf Natalie B.} and Kavanagh, Bradley J. and Gaggero, Daniele and Fleury, Pierre",
    title = "{Dancing in the dark: detecting a population of distant primordial black holes}",
    eprint = "2205.02639",
    archivePrefix = "arXiv",
    primaryClass = "astro-ph.CO",
    reportNumber = "IFT-UAM/CSIC-22-50",
    doi = "10.1088/1475-7516/2022/08/006",
    journal = "Journal of Cosmology and Astroparticle Physics",
    volume = "08",
    number = "08",
    pages = "006",
    year = "2022"
}

@article{Renzi:2020bvl,
    author = "Renzi, Fabrizio and {\bf Hogg}, {\bf Natalie B.} and Martinelli, Matteo and Nesseris, Savvas",
    title = "{Strongly lensed supernovae as a self-sufficient probe of the distance duality relation}",
    eprint = "2010.04155",
    archivePrefix = "arXiv",
    primaryClass = "astro-ph.CO",
    doi = "10.1016/j.dark.2021.100824",
    journal = "Physics of the Dark Universe",
    volume = "32",
    pages = "100824",
    year = "2021"
}

@article{Hogg:2021yiz,
    author = "{\bf Hogg}, {\bf Natalie B.} and Bruni, Marco",
    title = "{Shan\textendash{}Chen interacting vacuum cosmology}",
    eprint = "2109.08676",
    archivePrefix = "arXiv",
    primaryClass = "astro-ph.CO",
    reportNumber = "IFT-UAM/CSIC-21-99",
    doi = "10.1093/mnras/stac324",
    journal = "Monthly Notices of the Royal Astronomical Society",
    volume = "511",
    number = "3",
    pages = "4430--4443",
    year = "2022"
}

@article{Hogg:2022ycw,
    author = "{\bf Hogg}, {\bf Natalie B.} and Fleury, Pierre and Larena, Julien and Martinelli, Matteo",
    title = "{Measuring line-of-sight shear with Einstein rings: a proof of concept}",
    eprint = "2210.07210",
    archivePrefix = "arXiv",
    primaryClass = "astro-ph.CO",
    doi = "10.1093/mnras/stad512",
    journal = "Monthly Notices of the Royal Astronomical Society",
    volume = "520",
    number = "4",
    pages = "5982--6000",
    year = "2023"
}

@article{Sebastianutti:2023dbt,
    author = "Sebastianutti, Marco and {\bf Hogg}, {\bf Natalie B.} and Bruni, Marco",
    title = "{The interacting vacuum and tensions: a comparison of theoretical models}",
    eprint = "2312.14123",
    archivePrefix = "arXiv",
    primaryClass = "astro-ph.CO",
    month = dec,
    year = "2023"
}

@article{Hogg:2023khs,
	author = "{\bf Hogg}, {\bf Natalie B.}",
	title = "{Constraints on dark energy from TDCOSMO \& SLACS lenses}",
	eprint = "2310.11977",
	archivePrefix = "arXiv",
	primaryClass = "astro-ph.CO",
	doi = "10.1093/mnrasl/slae005",
	journal = "Monthly Notices of the Royal Astronomical Society: Letters",
	volume = "528",
	number = "1",
	pages = "L95--L100",
	year = "2024"
}
