@article{Hogg:2021yiz,
	author = "{\bf Hogg}, {\bf N. B.} and Bruni, M.",
	title = "{Shan\textendash{}Chen interacting vacuum cosmology}",
	eprint = "2109.08676",
	archivePrefix = "arXiv",
	primaryClass = "astro-ph.CO",
	reportNumber = "IFT-UAM/CSIC-21-99",
	doi = "10.1093/mnras/stac324",
	journal = "Monthly Notices of the Royal Astronomical Society",
	volume = "511",
	number = "3",
	pages = "4430--4443",
	year = "2022"
}

@article{Hogg:2022ycw,
	author = "{\bf Hogg}, {\bf N. B.} and Fleury, P. and Larena, J. and Martinelli, M.",
	title = "{Measuring line-of-sight shear with Einstein rings: a proof of concept}",
	eprint = "2210.07210",
	archivePrefix = "arXiv",
	primaryClass = "astro-ph.CO",
	doi = "10.1093/mnras/stad512",
	journal = "Monthly Notices of the Royal Astronomical Society",
	volume = "520",
	number = "4",
	pages = "5982--6000",
	year = "2023"
}

@article{Hogg:2023khs,
	author = "{\bf Hogg}, {\bf N. B.}",
	title = "{Constraints on dark energy from TDCOSMO \& SLACS lenses}",
	eprint = "2310.11977",
	archivePrefix = "arXiv",
	primaryClass = "astro-ph.CO",
	doi = "10.1093/mnrasl/slae005",
	journal = "Monthly Notices of the Royal Astronomical Society: Letters",
	volume = "528",
	number = "1",
	pages = "L95--L100",
	year = "2024"
}


@article{Shan1993,
	title        = {{Lattice Boltzmann model for simulating flows with multiple phases and components}},
	author       = {Shan, X. and Chen, H.},
	year         = 1993,
	journal      = {Physical Review E},
	publisher    = {American Physical Society},
	volume       = 47,
	pages        = {1815--1819},
	doi          = {10.1103/PhysRevE.47.1815},
	issue        = 3,
	numpages     = {0}
}

@article{Bini:2014pmk,
	title        = {{Dark energy from cosmological fluids obeying a Shan--Chen nonideal equation of state}},
	author       = {Bini, D. and Geralico, A. and Gregoris, D. and Succi, S.},
	year         = 2013,
	journal      = {Physical Review D},
	volume       = 88,
	number       = 6,
	pages        = {063007},
	doi          = {10.1103/PhysRevD.88.063007},
	archiveprefix = {arXiv},
	eprint       = {1408.5483},
	primaryclass = {gr-qc}
}
@article{Bini:2016wqr,
	title        = {{Late-time evolution of cosmological models with fluids obeying a Shan--Chen-like equation of state}},
	author       = {Bini, D. and Esposito, G. and Geralico, A.},
	year         = 2016,
	journal      = {Physical Review D},
	volume       = 93,
	number       = 2,
	pages        = {023511},
	doi          = {10.1103/PhysRevD.93.023511},
	eprint       = {1601.04177},
	archiveprefix = {arXiv},
	primaryclass = {gr-qc}
}
@article{Fleury:2021tke,
	title        = {{Line-of-sight effects in strong gravitational lensing}},
	author       = {Fleury, P. and Larena, J. and Uzan, J.-P.},
	year         = 2021,
	journal      = {Journal of Cosmology and Astroparticle Physics},
	volume       = {08},
	pages        = {024},
	doi          = {10.1088/1475-7516/2021/08/024},
	eprint       = {2104.08883},
	archiveprefix = {arXiv},
	primaryclass = {astro-ph.CO},
	reportnumber = {IFT-UAM/CSIC-21-39}
}
@article{Birrer:2020tax,
	title        = {{TDCOSMO - IV. Hierarchical time-delay cosmography \textendash{} joint inference of the Hubble constant and galaxy density profiles}},
	author       = {Birrer, S. and others},
	year         = 2020,
	journal      = {Astronomy \& Astrophysics},
	volume       = 643,
	pages        = {A165},
	doi          = {10.1051/0004-6361/202038861},
	eprint       = {2007.02941},
	archiveprefix = {arXiv},
	primaryclass = {astro-ph.CO}
}